@article{altrov2015influence,
  title={The influence of language and culture on the understanding of vocal emotions},
  author={Altrov, Rene and Pajupuu, Hille},
  journal={Eesti ja soome-ugri keeleteaduse ajakiri. Journal of Estonian and Finno-Ugric Linguistics},
  volume={6},
  number={3},
  pages={11--48},
  year={2015}
}
@article{busso2008iemocap,
  title={IEMOCAP: Interactive emotional dyadic motion capture database},
  author={Busso, Carlos and Bulut, Murtaza and Lee, Chi-Chun and Kazemzadeh, Abe and Mower, Emily and Kim, Samuel and Chang, Jeannette N and Lee, Sungbok and Narayanan, Shrikanth S},
  journal={Language resources and evaluation},
  volume={42},
  number={4},
  pages={335},
  year={2008},
  publisher={Springer}
}
@article{pham2019very,
  title={Very Deep Self-Attention Networks for End-to-End Speech Recognition},
  author={Pham, Ngoc-Quan and Nguyen, Thai-Son and Niehues, Jan and Muller, Markus and Waibel, Alex},
  journal={arXiv preprint arXiv:1904.13377},
  year={2019}
}
@article{india2019self,
  title={Self Multi-Head Attention for Speaker Recognition},
  author={India, Miquel and Safari, Pooyan and Hernando, Javier},
  journal={arXiv preprint arXiv:1906.09890},
  year={2019}
}
@inproceedings{li2018attention,
  title={An Attention Pooling Based Representation Learning Method for Speech Emotion Recognition.},
  author={Li, Pengcheng and Song, Yan and McLoughlin, Ian Vince and Guo, Wu and Dai, Lirong},
  booktitle={Interspeech},
  pages={3087--3091},
  year={2018}
}
@article{tarantino2019self,
  title={Self-attention for Speech Emotion Recognition},
  author={Tarantino, Lorenzo and Garner, Philip N and Lazaridis, Alexandros},
  journal={Proc. Interspeech 2019},
  pages={2578--2582},
  year={2019}
}
@article{zhao2019attention,
  title={Attention-Enhanced Connectionist Temporal Classification for Discrete Speech Emotion Recognition},
  author={Zhao, Ziping and Bao, Zhongtian and Zhang, Zixing and Cummins, Nicholas and Wang, Haishuai and Schuller, Bj{\"o}rn},
  journal={Proc. Interspeech 2019},
  pages={206--210},
  year={2019}
}
@inproceedings{schuller2003hidden,
  title={Hidden Markov model-based speech emotion recognition},
  author={Schuller, Bj{\"o}rn and Rigoll, Gerhard and Lang, Manfred},
  booktitle={2003 IEEE International Conference on Acoustics, Speech, and Signal Processing, 2003. Proceedings.(ICASSP'03).},
  volume={2},
  pages={II--1},
  year={2003},
  organization={IEEE}
}
@article{mower2010framework,
  title={A framework for automatic human emotion classification using emotion profiles},
  author={Mower, Emily and Mataric, Maja J and Narayanan, Shrikanth},
  journal={IEEE Transactions on Audio, Speech, and Language Processing},
  volume={19},
  number={5},
  pages={1057--1070},
  year={2010},
  publisher={IEEE}
}
@inproceedings{han2014speech,
  title={Speech emotion recognition using deep neural network and extreme learning machine},
  author={Han, Kun and Yu, Dong and Tashev, Ivan},
  booktitle={Fifteenth annual conference of the international speech communication association},
  year={2014}
}
@article{chernykh2017emotion,
  title={Emotion recognition from speech with recurrent neural networks},
  author={Chernykh, Vladimir and Prikhodko, Pavel},
  journal={arXiv preprint arXiv:1701.08071},
  year={2017}
}
@inproceedings{wu2019speech,
  title={Speech Emotion Recognition Using Capsule Networks},
  author={Wu, Xixin and Liu, Songxiang and Cao, Yuewen and Li, Xu and Yu, Jianwei and Dai, Dongyang and Ma, Xi and Hu, Shoukang and Wu, Zhiyong and Liu, Xunying and others},
  booktitle={ICASSP 2019-2019 IEEE International Conference on Acoustics, Speech and Signal Processing (ICASSP)},
  pages={6695--6699},
  year={2019},
  organization={IEEE}
}
@inproceedings{badshah2017speech,
  title={Speech emotion recognition from spectrograms with deep convolutional neural network},
  author={Badshah, Abdul Malik and Ahmad, Jamil and Rahim, Nasir and Baik, Sung Wook},
  booktitle={2017 international conference on platform technology and service (PlatCon)},
  pages={1--5},
  year={2017},
  organization={IEEE}
}
@article{chen20183,
  title={3-D convolutional recurrent neural networks with attention model for speech emotion recognition},
  author={Chen, Mingyi and He, Xuanji and Yang, Jing and Zhang, Han},
  journal={IEEE Signal Processing Letters},
  volume={25},
  number={10},
  pages={1440--1444},
  year={2018},
  publisher={IEEE}
}
@inproceedings{yoon2019speech,
  title={Speech Emotion Recognition Using Multi-hop Attention Mechanism},
  author={Yoon, Seunghyun and Byun, Seokhyun and Dey, Subhadeep and Jung, Kyomin},
  booktitle={ICASSP 2019-2019 IEEE International Conference on Acoustics, Speech and Signal Processing (ICASSP)},
  pages={2822--2826},
  year={2019},
  organization={IEEE}
}
@inproceedings{neumann2019improving,
  title={Improving Speech Emotion Recognition with Unsupervised Representation Learning on Unlabeled Speech},
  author={Neumann, Michael and Vu, Ngoc Thang},
  booktitle={ICASSP 2019-2019 IEEE International Conference on Acoustics, Speech and Signal Processing (ICASSP)},
  pages={7390--7394},
  year={2019},
  organization={IEEE}
}
@inproceedings{ramet2018context,
  title={Context-Aware Attention Mechanism for Speech Emotion Recognition},
  author={Ramet, Gaetan and Garner, Philip N and Baeriswyl, Michael and Lazaridis, Alexandros},
  booktitle={2018 IEEE Spoken Language Technology Workshop (SLT)},
  pages={126--131},
  year={2018},
  organization={IEEE}
}
@article{neumann2017attentive,
  title={Attentive convolutional neural network based speech emotion recognition: A study on the impact of input features, signal length, and acted speech},
  author={Neumann, Michael and Vu, Ngoc Thang},
  journal={arXiv preprint arXiv:1706.00612},
  year={2017}
}
@inproceedings{vaswani2017attention,
  title={Attention is all you need},
  author={Vaswani, Ashish and Shazeer, Noam and Parmar, Niki and Uszkoreit, Jakob and Jones, Llion and Gomez, Aidan N and Kaiser, {\L}ukasz and Polosukhin, Illia},
  booktitle={Advances in neural information processing systems},
  pages={5998--6008},
  year={2017}
}
@inproceedings{he2016deep,
  title={Deep residual learning for image recognition},
  author={He, Kaiming and Zhang, Xiangyu and Ren, Shaoqing and Sun, Jian},
  booktitle={Proceedings of the IEEE conference on computer vision and pattern recognition},
  pages={770--778},
  year={2016}
}